@inproceedings{root,
    author = "Rene Brun and Fons Rademakers",
    title = "ROOT - An Object Oriented Data Analysis Framework",
    booktitle = "AIHENP'96 Workshop, Lausanne",
    journal = "Nucl. Inst. & Meth. in Phys.",
    year = "1996",
    month = sep,
    volume = "389",
    pages = "81-86",
    howpublished = {http://root.cern.ch/},
}
@online{eulerangles,
    author   = {Weisstein, Eric W.},
    title    = {Euler Angles},
    subtitle = {From MathWorld -- A Wolfram Web Resource},
    url      = {http://mathworld.wolfram.com/EulerAngles.html}
}
@article{timepix,
    title = "Timepix, a 65k programmable pixel readout chip for arrival time, energy and/or photon counting measurements",
    journal = "Nucl. Instr. Meth. A",
    volume = "581",
    number = "1",
    pages = "485 - 494",
    year = "2007",
    issn = "0168-9002",
    doi = "http://dx.doi.org/10.1016/j.nima.2007.08.079",
    url = "http://www.sciencedirect.com/science/article/pii/S0168900207017020",
    author = "X. Llopart and R. Ballabriga and M. Campbell and L. Tlustos and W. Wong",
}
@online{pandoc,
    author = {John MacFarlane},
    title = {Pandoc},
    subtitle = {A universal document converter},
    url = {http://pandoc.org/}
}
@article{eos,
  author={A. J. Peters and L. Janyst},
  title={Exabyte Scale Storage at CERN},
  journal={Journal of Physics: Conference Series},
  volume={331},
  number={5},
  pages={052015},
  url={http://stacks.iop.org/1742-6596/331/i=5/a=052015},
  year={2011},
 }
@InProceedings{cvmfs,
  Title                    = {{CVMFS - a file system for the CernVM virtual appliance}},
  Author                   = {C. Aguado Sanchez and others},
  Booktitle                = {{ XII Advanced Computing and Analysis Techniques in Physics Research (ACAT08)}},
  Year                     = {2008},
  Pages                    = {052},
  Volume                   = {ACAT08},

  Journal                  = {PoS},
  Slaccitation             = {%%CITATION = POSCI,ICHEP2010,002;%%}
}
@misc{timepix3-talk,
  author = "X. Llopart",
  title = "The Timepix3 chip",
  note = {{EP-ESE seminar}},
  URL = {https://indico.cern.ch/event/267425},
}
@online{corry-issue-tracker,
    title = {The \corry Project Issue Tracker},
    author = {},
    url = {https://gitlab.cern.ch/corryvreckan/corryvreckan/issues},
    year = {2019},
    month = sep,
    day = {27}
}
@online{corry-doxygen,
    title = {The \corry Code Documentation},
    author = {Morag Williams and Simon Spannagel and Jens Kroeger},
    url = {https://cern.ch/corryvreckan/reference/},
    year = {2017},
    month = aug,
    day = {22}
}
@online{corry-container-registry,
    title = {The \corry Docker Container Registry},
    author = {Simon Spannagel},
    url = {https://gitlab.cern.ch/corryvreckan/corryvreckan/container_registry},
    year = {2018},
    month = nov,
    day = {13}
}
@online{corry-repo,
    title = {The \corry Project Repository},
    author = {},
    url = {https://gitlab.cern.ch/corryvreckan/corryvreckan/},
    year = {2018},
    month = nov,
    day = {13}
}
@online{rootinstallation,
    author = {Rene Brun and Fons Rademakers},
    title = {Building ROOT},
    url = {https://root.cern.ch/building-root}
}
@online{corry-issue-tracker,
    title = {The \corry Project Issue Tracker},
    author = {},
    url = {https://gitlab.cern.ch/corryvreckan/corryvreckan/issues},
    year = {2018},
    month = dec,
    day = {12}
}
@online{linuxld,
    title = {Linux Programmer's Manual},
    subtitle = {ld.so, ld-linux.so - dynamic linker/loader},
    author = {Michael Kerrisk},
    url = {http://man7.org/linux/man-pages/man8/ld.so.8.html}
}
@article{apsq,
title = "Allpix$^2$: A modular simulation framework for silicon detectors",
journal = "Nucl. Instr. Meth. A",
volume = "901",
pages = "164 - 172",
year = "2018",
issn = "0168-9002",
doi = "10.1016/j.nima.2018.06.020",
author = "S. Spannagel and others",
Archiveprefix            = {arXiv},
Eprint                   = {1806.05813},
keywords = "Simulation, Silicon detectors, Geant4, TCAD, Driftâ€“diffusion"
}
@misc{apsq-website,
    title = {The {Allpix Squared} project},
    url = "https://cern.ch/allpix-squared/",
    note = {accessed 8~2019}

}
@TechReport{clicdp-apsq-manual,
      author        = "Wolters, K. and Spannagel, S. and Hynds, D.",
      title         = "{User Manual for the Allpix$^2$ Simulation Framework}",
      month         = "12",
      year          = "2017",
      Number        = "CLICdp-Note-2017-006",
      institution = {CERN},
      url           = "https://cds.cern.ch/record/2295206",
}
@TechReport{apsq-manual,
      author        = "Wolters, K. and Spannagel, S. and Hynds, D.",
      title         = "{User Manual for the Allpix$^2$ Simulation Framework}",
      month         = "6",
      year          = "2019",
      institution = {CERN},
      url           = "https://cern.ch/allpix-squared/usermanual/allpix-manual.pdf",
}
